@article{bakir_2023,
    author = {Çiçek Nur Bakır and Sharif Omar Abbas and Egemen Sever and 
    Aslıhan Özcan Morey and Herdem Aslan Genç and Tuba Mutluer},
    title ={Use of augmented reality in mental  health-related conditions: A systematic review},
    journal = {Digital Health},
    volume = {9},
    pages = {20552076231203649},
    year = {2023},
    doi = {10.1177/20552076231203649},
    url = {https://doi.org/10.1177/20552076231203649},
}

@misc{bieber_2021,
  author = {Bieber, David},
  title = {We Could Use Augmented Reality to Simulate Prosopagnosia},
  year = {2021},
  month = {12},
  url = {https://davidbieber.com/snippets/2021-12-12-prosopagnosia-augmented-reality/},
  note = {Accessed: 2024-09-25},
}

@article{chang_2017,
	author = {Chang, Le and Tsao, Doris Y.},
	title = {The Code for Facial Identity in the Primate Brain},
	journal = {Cell},
	volume = {169},
	number = {6},
	pages = {1013-1028.e14},
	year = {2017},
	month = {09},
	doi = {10.1016/j.cell.2017.05.011},
	issn = {0092-8674},
	url = {https://doi.org/10.1016/j.cell.2017.05.011},
}

@article{degutis_2014,
    author = {DeGutis, Joseph and Cohan, Sarah and Nakayama, Ken},
    title = "{Holistic face training enhances face processing in developmental prosopagnosia}",
    journal = {Brain},
    volume = {137},
    number = {6},
    pages = {1781-1798},
    year = {2014},
    month = {03},
    issn = {0006-8950},
    doi = {10.1093/brain/awu062},
    url = {https://doi.org/10.1093/brain/awu062},
}

@article{degutis_2023,
    author = {Joseph DeGutis and Kanisha Bahierathan and Katherine Barahona and EunMyoung Lee and Travis C. Evans and Hye Min Shin and Maruti Mishra and Jirapat Likitlersuang and Jeremy B. Wilmer},
    title = {What is the prevalence of developmental prosopagnosia? An empirical assessment of different diagnostic cutoffs},
    journal = {Cortex},
    volume = {161},
    pages = {51-64},
    year = {2023},
    issn = {0010-9452},
    doi = {https://doi.org/10.1016/j.cortex.2022.12.014},
    url = {https://www.sciencedirect.com/science/article/pii/S0010945223000138},
}

@book{dingfelder_2024,
  author    = {Dingfelder, Sadie},
  title     = {Do I Know You?: A Faceblind Reporter’s Journey into the Science of Sight, Memory, and Imagination},
  publisher = {Little, Brown and Company},
  year      = {2024},
  month     = {06},
  isbn      = {0316545147},
  url       = {https://www.hachettebookgroup.com/titles/sadie-dingfelder/do-i-know-you/9780316545433/},
  pages     = {278}
}

@article{duchaine_2006,
  title={The Cambridge Face Memory Test: Results for neurologically intact individuals and an investigation of its validity using inverted face stimuli and prosopagnosic participants},
  author={Duchaine, Brad and Nakayama, Ken},
  journal={Neuropsychologia},
  volume={44},
  number={4},
  pages={576--585},
  year={2006},
  publisher={Elsevier}
}

@article{herald_2023,
    title = {Face distortions in prosopometamorphopsia provide new insights into the organization of face perception},
    journal = {Neuropsychologia},
    volume = {182},
    pages = {108517},
    year = {2023},
    issn = {0028-3932},
    doi = {https://doi.org/10.1016/j.neuropsychologia.2023.108517},
    url = {https://www.sciencedirect.com/science/article/pii/S0028393223000519},
    author = {Sarah B. Herald and Jorge Almeida and Brad Duchaine},
}

@article{nagel_1974,
	author = {Thomas Nagel},
	doi = {10.2307/2183914},
	journal = {Philosophical Review},
	number = {4},
	pages = {435--50},
	publisher = {Cambridge University Press},
	title = {What is It Like to Be a Bat?},
	volume = {83},
	year = {1974}
}

@incollection{lanska_2017,
    author = {Lanska, Douglas J. and Lanska, John R.},
    isbn = {978-3-318-06088-1},
    title = "{The Alice-in-Wonderland Syndrome}",
    booktitle = "{Neurologic-Psychiatric Syndromes in Focus - Part II: From Psychiatry to Neurology}",
    publisher = {S.Karger AG},
    year = {2017},
    month = {12},
    doi = {10.1159/000475722},
    url = {https://doi.org/10.1159/000475722},
}

@article{richards_1970,
  author    = {Richards, W.},
  title     = {Stereopsis and Stereoblindness},
  journal   = {Experimental Brain Research},
  volume    = {10},
  pages     = {380--388},
  year      = {1970},
  doi       = {10.1007/BF02324765},
  url       = {https://doi.org/10.1007/BF02324765}
}

@book{vonnoorden_2001,
  author    = {Von Noorden, Gunter K. and Campos, Emilio C.},
  title     = {Binocular Vision and Ocular Motility: Theory and Management of Strabismus},
  edition   = {6th},
  publisher = {Mosby},
  year      = {2001},
  isbn      = {0-323-01129-2},
  address   = {St. Louis, MO},
  keywords  = {Strabismus, Binocular vision, Eye Movements},
  lccn      = {2001042586}
}

@article{hazarika_2023,
  title={Towards an Evolved Immersive Experience: Exploring 5G- and Beyond-Enabled Ultra-Low-Latency Communications for Augmented and Virtual Reality},
  author={Ananya Hazarika and Mehdi Rahmati},
  journal={Sensors (Basel, Switzerland)},
  year={2023},
  volume={23},
  url={https://api.semanticscholar.org/CorpusID:257947721}
}