@article{chang_2017,
	author = {Chang, Le and Tsao, Doris Y.},
	title = {The Code for Facial Identity in the Primate Brain},
	journal = {Cell},
	volume = {169},
	number = {6},
	pages = {1013-1028.e14},
	year = {2017},
	month = {09},
	doi = {10.1016/j.cell.2017.05.011},
	issn = {0092-8674},
	url = {https://doi.org/10.1016/j.cell.2017.05.011},
}

@article{degutis_2014,
    author = {DeGutis, Joseph and Cohan, Sarah and Nakayama, Ken},
    title = "{Holistic face training enhances face processing in developmental prosopagnosia}",
    journal = {Brain},
    volume = {137},
    number = {6},
    pages = {1781-1798},
    year = {2014},
    month = {03},
    issn = {0006-8950},
    doi = {10.1093/brain/awu062},
    url = {https://doi.org/10.1093/brain/awu062},
}

@article{duchaine_2006,
  title={The Cambridge Face Memory Test: Results for neurologically intact individuals and an investigation of its validity using inverted face stimuli and prosopagnosic participants},
  author={Duchaine, Brad and Nakayama, Ken},
  journal={Neuropsychologia},
  volume={44},
  number={4},
  pages={576--585},
  year={2006},
  publisher={Elsevier}
}
